@article{Joling2014,
title = "The Two-Year Incidence of Depression and Anxiety Disorders in Spousal Caregivers of Persons with Dementia: Who is at the Greatest Risk? ",
journal = "The American Journal of Geriatric Psychiatry ",
volume = "",
number = "0",
pages = " - ",
year = "2014",
note = "",
issn = "1064-7481",
doi = "http://dx.doi.org/10.1016/j.jagp.2014.05.005",
url = "http://www.sciencedirect.com/science/article/pii/S1064748114001468",
author = "Karlijn J. Joling and Harm W.J. van Marwijk and Aaltje E. Veldhuijzen and Henriëtte E. van der Horst and Philip Scheltens and Filip Smit and Hein P.J. van Hout",
keywords = "Depression",
keywords = "anxiety",
keywords = "incidence",
keywords = "predictors",
keywords = "dementia",
keywords = "caregivers",
keywords = "prevention "
}

@article{Denno20131731,
title = "Anxiety and Depression Associated With Caregiver Burden in Caregivers of Stroke Survivors With Spasticity ",
journal = "Archives of Physical Medicine and Rehabilitation ",
volume = "94",
number = "9",
pages = "1731 - 1736",
year = "2013",
note = "",
issn = "0003-9993",
doi = "http://dx.doi.org/10.1016/j.apmr.2013.03.014",
url = "http://www.sciencedirect.com/science/article/pii/S0003999313002748",
author = "Melissa S. Denno and Patrick J. Gillard and Glenn D. Graham and Marco D. DiBonaventura and Amir Goren and Sepi F. Varon and Richard Zorowitz",
keywords = "Anxiety",
keywords = "Caregivers",
keywords = "Depression",
keywords = "Muscle spasticity",
keywords = "Rehabilitation",
keywords = "Stroke ",
}




@MISC{Starner97augmentedreality,
 title={Augmented reality through wearable computing},
  author={Starner, Thad and Mann, Steve and Rhodes, Bradley and Levine, Jeffrey and Healey, Jennifer and Kirsch, Dana and Picard, Rosalind W and Pentland, Alex},
  journal={Presence: Teleoperators and Virtual Environments},
  volume={6},
  number={4},
  pages={386--398},
  year={1997}
}
@book{psychologyapa,
	author = {Alan E Kazdin},
	title = {Encyclopedia of Psychology: 8 Volume Set},
	year = {2000},
	isbn = {978-1-55798-187-5},

}
@article{repetto2013,
	year={2013},
	issn={1617-4909},
	journal={Personal and Ubiquitous Computing},
	volume={17},
	number={2},
	doi={10.1007/s00779-011-0467-0},
	title={Virtual reality and mobile phones in the treatment of generalized anxiety disorders: a phase-2 clinical trial},
	url={http://dx.doi.org/10.1007/s00779-011-0467-0},
	publisher={Springer-Verlag},
	keywords={Virtual reality; Mobile phones; Generalized anxiety disorders; Clinical trial; Ubiquitous computing},
	author={Repetto, Claudia and Gaggioli, Andrea and Pallavicini, Federica and Cipresso, Pietro and Raspelli, Simona and Riva, Giuseppe},
	pages={253-260},
	language={English}
}
@article{Chen2013,
 author = {Chen, Yunan and Ngo, Victor and Park, Sun Young},
 title = {Caring for Caregivers: Designing for Integrality},
 booktitle = {Proceedings of the 2013 Conference on Computer Supported Cooperative Work},
 series = {CSCW '13},
 year = {2013},
 isbn = {978-1-4503-1331-5},
 location = {San Antonio, Texas, USA},
 pages = {91--102},
 numpages = {12},
 url = {http://doi.acm.org/10.1145/2441776.2441789},
 doi = {10.1145/2441776.2441789},
 acmid = {2441789},
 publisher = {ACM},
 address = {New York, NY, USA},
 keywords = {caregiver, caregiving, health and wellness, healthcare technology, integrality, invisibility},
} 


@article{levine,
        Title = {What is stress},
        Author = {Levine S},
        Year = {1991},
        Journal = {Neurobiology and Neuroendoncrinology},
        Pages = {13—21},
}
@article{Dey2001,
 author = {Dey, Anind K.},
 title = {Understanding and Using Context},
 journal = {Personal Ubiquitous Comput.},
 issue_date = {February 2001},
 volume = {5},
 number = {1},
 month = jan,
 year = {2001},
 issn = {1617-4909},
 pages = {4--7},
 numpages = {4},
 url = {http://dx.doi.org/10.1007/s007790170019},
 doi = {10.1007/s007790170019},
 acmid = {593572},
 publisher = {Springer-Verlag},
 address = {London, UK, UK},
} 

 
@incollection{Aziz,
year={2012},
isbn={978-3-642-31086-7},
booktitle={Advanced Research in Applied Artificial Intelligence},
volume={7345},
series={Lecture Notes in Computer Science},
editor={Jiang, He and Ding, Wei and Ali, Moonis and Wu, Xindong},
doi={10.1007/978-3-642-31087-4_52},
title={An Ambient Agent Model for Support of Informal Caregivers during Stress},
url={http://dx.doi.org/10.1007/978-3-642-31087-4_52},
publisher={Springer Berlin Heidelberg},
keywords={Integrative ambient agent model; caregiver stress; caregiving interactions; intelligent support},
author={Aziz, AziziAb and Treur, Jan and van der Wal, C.Natalie},
pages={501-513},
language={English}
}

@article{Rhodes97thewearable,
  title={The wearable remembrance agent: A system for augmented memory},
  author={Rhodes, Bradley J},
  journal={Personal Technologies},
  volume={1},
  number={4},
  pages={218--224},
  year={1997},
  publisher={Springer}
}

@book{bernier2010autism,
  title={Autism Spectrum Disorders: A Reference Handbook},
  author={Bernier, R.A. and Gerdts, J.},
  isbn={9781598843347},
  lccn={2010018022},
  series={Contemporary world issues},
  url={http://books.google.com.mx/books?id=9RrshCudnIAC},
  year={2010},
  publisher={ABC-CLIO}
}

@inproceedings{Lu2012,
 author = {Lu, Hong and Frauendorfer, Denise and Rabbi, Mashfiqui and Mast, Marianne Schmid and Chittaranjan, Gokul T. and Campbell, Andrew T. and Gatica-Perez, Daniel and Choudhury, Tanzeem},
 title = {StressSense: Detecting Stress in Unconstrained Acoustic Environments Using Smartphones},
 booktitle = {Proceedings of the 2012 ACM Conference on Ubiquitous Computing},
 series = {UbiComp '12},
 year = {2012},
 isbn = {978-1-4503-1224-0},
 location = {Pittsburgh, Pennsylvania},
 pages = {351--360},
 numpages = {10},
 url = {http://doi.acm.org/10.1145/2370216.2370270},
 doi = {10.1145/2370216.2370270},
 acmid = {2370270},
 publisher = {ACM},
 address = {New York, NY, USA},
 keywords = {mHealth, model adaptation, sensing, stress, user modeling},
} 

@article{Sebastian2013556,
title = "A Theoretical Approach to Stress and Self-efficacy ",
journal = "Procedia - Social and Behavioral Sciences ",
volume = "78",
number = "0",
pages = "556 - 561",
year = "2013",
note = "\{PSIWORLD\} 2012 ",
issn = "1877-0428",
doi = "http://dx.doi.org/10.1016/j.sbspro.2013.04.350",
url = "http://www.sciencedirect.com/science/article/pii/S1877042813009191",
author = "VlÄsceanu Sebastian",
keywords = "stress",
keywords = "self-efficacy",
keywords = "stressor",
keywords = "cognitive",
keywords = "response "
}

@article {PMID2235645,
        Title = {Stress and anxiety},
        Author = {Robinson, L},
        Number = {4},
        Volume = {25},
        Month = {December},
        Year = {1990},
        Journal = {The Nursing clinics of North America},
        ISSN = {0029-6465},
        Pages = {935—943},
        URL = {http://europepmc.org/abstract/MED/2235645}
}
@inproceedings{Bakker2012SMS,
 author = {Bakker, Jorn and Holenderski, Leszek and Kocielnik, Rafal and Pechenizkiy, Mykola and Sidorova, Natalia},
 title = {Stess@Work: From Measuring Stress to Its Understanding, Prediction and Handling with Personalized Coaching},
 booktitle = {Proceedings of the 2Nd ACM SIGHIT International Health Informatics Symposium},
 series = {IHI '12},
 year = {2012},
 isbn = {978-1-4503-0781-9},
 location = {Miami, Florida, USA},
 pages = {673--678},
 numpages = {6},
 url = {http://doi.acm.org/10.1145/2110363.2110439},
 doi = {10.1145/2110363.2110439},
 acmid = {2110439},
 publisher = {ACM},
 address = {New York, NY, USA},
 keywords = {stress at work, stress coaching, stressors},
}
@inproceedings{Ayzenberg2012,
 author = {Ayzenberg, Yadid and Hernandez Rivera, Javier and Picard, Rosalind},
 title = {FEEL: Frequent EDA and Event Logging -- a Mobile Social Interaction Stress Monitoring System},
 booktitle = {CHI '12 Extended Abstracts on Human Factors in Computing Systems},
 series = {CHI EA '12},
 year = {2012},
 isbn = {978-1-4503-1016-1},
 location = {Austin, Texas, USA},
 pages = {2357--2362},
 numpages = {6},
 url = {http://doi.acm.org/10.1145/2212776.2223802},
 doi = {10.1145/2212776.2223802},
 acmid = {2223802},
 publisher = {ACM},
 address = {New York, NY, USA},
 keywords = {affective computing, contextual information, electrodermal activity, life-logging., mobile phone application, stress monitoring},
} 

@inproceedings{Ertin2011,
 author = {Ertin, Emre and Stohs, Nathan and Kumar, Santosh and Raij, Andrew and al'Absi, Mustafa and Shah, Siddharth},
 title = {AutoSense: Unobtrusively Wearable Sensor Suite for Inferring the Onset, Causality, and Consequences of Stress in the Field},
 booktitle = {Proceedings of the 9th ACM Conference on Embedded Networked Sensor Systems},
 series = {SenSys '11},
 year = {2011},
 isbn = {978-1-4503-0718-5},
 location = {Seattle, Washington},
 pages = {274--287},
 numpages = {14},
 url = {http://doi.acm.org/10.1145/2070942.2070970},
 doi = {10.1145/2070942.2070970},
 acmid = {2070970},
 publisher = {ACM},
 address = {New York, NY, USA},
 keywords = {deployment experiences, mobile health, psychological stress monitoring, wearable physiological sensors},
} 
@inproceedings{Rennert2013,
 author = {Rennert, Kara and Karapanos, Evangelos},
 title = {Faceit: Supporting Reflection Upon Social Anxiety Events with Lifelogging},
 booktitle = {CHI '13 Extended Abstracts on Human Factors in Computing Systems},
 series = {CHI EA '13},
 year = {2013},
 isbn = {978-1-4503-1952-2},
 location = {Paris, France},
 pages = {457--462},
 numpages = {6},
 url = {http://doi.acm.org/10.1145/2468356.2468437},
 doi = {10.1145/2468356.2468437},
 acmid = {2468437},
 publisher = {ACM},
 address = {New York, NY, USA},
 keywords = {cognitive behavioral therapy, lifelog, social anxiety},
}

@inproceedings{Kwon2009,
 author = {Kwon, Joung H. and Alan, Chalmers and Czanner, Silvester and Czanner, Gabriela and Powell, John},
 title = {A Study of Visual Perception: Social Anxiety and Virtual Realism},
 booktitle = {Proceedings of the 25th Spring Conference on Computer Graphics},
 series = {SCCG '09},
 year = {2009},
 isbn = {978-1-4503-0769-7},
 location = {Budmerice, Slovakia},
 pages = {167--172},
 numpages = {6},
 url = {http://doi.acm.org/10.1145/1980462.1980495},
 doi = {10.1145/1980462.1980495},
 acmid = {1980495},
 publisher = {ACM},
 address = {New York, NY, USA},
 keywords = {job interview phobia, social anxiety, virtual realism, visual perception},
}
@article{Hamilton1959,
	author = {HAMILTON, M.},
	title = {The assessment of anxiety states by rating.},
	booktitle = {The British journal of medical psychology},
	year = {1959},
	pages = {50-55},
 	issue_date = {February 2001},
}
@article{Bradford2013125,
title = "Concordance of self- and proxy-rated worry and anxiety symptoms in older adults with dementia ",
journal = "Journal of Anxiety Disorders ",
volume = "27",
number = "1",
pages = "125 - 130",
year = "2013",
note = "",
issn = "0887-6185",
doi = "http://dx.doi.org/10.1016/j.janxdis.2012.11.001",
url = "http://www.sciencedirect.com/science/article/pii/S0887618512001363",
author = "Andrea Bradford and Gretchen A. Brenes and Roberta A. Robinson and Nancy Wilson and A. Lynn Snow and Mark E. Kunik and Jessica Calleo and Nancy J. Petersen and Melinda A. Stanley and Amber B. Amspoker",
keywords = "Worry",
keywords = "Anxiety",
keywords = "Elders",
keywords = "Dementia",
keywords = "Self-ratings",
keywords = "Proxy ratings "
}
@article{CLARK1994354,
title = "Reliability and Validity of the Hamilton Anxiety Rating Scale in an Adolescent Sample ",
journal = "Journal of the American Academy of Child and Adolescent Psychiatry ",
volume = "33",
number = "3",
pages = "354 - 360",
year = "1994",
note = "",
issn = "0890-8567",
doi = "http://dx.doi.org/10.1097/00004583-199403000-00009",
url = "http://www.sciencedirect.com/science/article/pii/S0890856709641770",
author = "DUNCAN B. CLARK and JOHN E. DONOVAN",
keywords = "anxiety",
keywords = "adolescence",
keywords = "rating scales "
}

@inproceedings{Ishimaru2014,
 author = {Ishimaru, Shoya and Kunze, Kai and Kise, Koichi and Weppner, Jens and Dengel, Andreas and Lukowicz, Paul and Bulling, Andreas},
 title = {In the Blink of an Eye: Combining Head Motion and Eye Blink Frequency for Activity Recognition with Google Glass},
 booktitle = {Proceedings of the 5th Augmented Human International Conference},
 series = {AH '14},
 year = {2014},
 isbn = {978-1-4503-2761-9},
 location = {Kobe, Japan},
 pages = {15:1--15:4},
 articleno = {15},
 numpages = {4},
 url = {http://doi.acm.org/10.1145/2582051.2582066},
 doi = {10.1145/2582051.2582066},
 acmid = {2582066},
 publisher = {ACM},
 address = {New York, NY, USA},
 keywords = {Google Glass, IMU, activity recognition, blink frequency, head mounted sensor, infrared proximity sensor},
} 

@inproceedings{RamosHD14,
  author    = {Julian Ramos and
               Jin-Hyuk Hong and
               Anind K. Dey},
  title     = {Stress Recognition - A Step Outside the Lab},
  booktitle = {PhyCS},
  year      = {2014},
  pages     = {107-118},
  ee        = {http://dx.doi.org/10.5220/0004725701070118},
  crossref  = {DBLP:conf/phycs/2014},
  bibsource = {DBLP, http://dblp.uni-trier.de}
}
@proceedings{DBLP:conf/phycs/2014,
  editor    = {Andreas Holzinger and
               Stephen H. Fairclough and
               Dennis Majoe and
               Hugo Pl{\'a}cido da Silva},
  title     = {PhyCS 2014 - Proceedings of the International Conference
               on Physiological Computing Systems, Lisbon, Portugal, 7
               - 9 January, 2014},
  booktitle = {PhyCS},
  publisher = {SciTePress},
  year      = {2014},
  isbn      = {978-989-758-006-2},
  bibsource = {DBLP, http://dblp.uni-trier.de}
}
@article{Rosa201054,
title = "Needs of caregivers of the patients with dementia ",
journal = "Archives of Gerontology and Geriatrics ",
volume = "51",
number = "1",
pages = "54 - 58",
year = "2010",
note = "",
issn = "0167-4943",
doi = "http://dx.doi.org/10.1016/j.archger.2009.07.008",
url = "http://www.sciencedirect.com/science/article/pii/S0167494309001757",
author = "E. Rosa and G. Lussignoli and F. Sabbatini and A. Chiappa and S. Di Cesare and L. Lamanna and O. Zanetti",
keywords = "Caregivers’ burden",
keywords = "Depressive mood",
keywords = "Needs of caregivers",
keywords = "Dementia in elderly "
}


@article{Wilt2011987,
title = "Anxiety in personality ",
journal = "Personality and Individual Differences ",
volume = "50",
number = "7",
pages = "987 - 993",
year = "2011",
note = "Special Issue on Anxiety (dedicated to the memory of Professor Blazej Szymura) ",
issn = "0191-8869",
doi = "http://dx.doi.org/10.1016/j.paid.2010.11.014",
url = "http://www.sciencedirect.com/science/article/pii/S0191886910005532",
author = "Joshua Wilt and Katherine Oehlberg and William Revelle",
keywords = "Anxiety",
keywords = "Affect",
keywords = "Behavior",
keywords = "Cognition",
keywords = "Desire",
keywords = "\{ABCD\}",
keywords = "Personality "
}

@article{tagkey2008110,
title = "2008 Alzheimer’s disease facts and figures ",
journal = "Alzheimer's and Dementia ",
author = "Alzheimer's Association",
volume = "4",
number = "2",
pages = "110 - 133",
year = "2008",
note = "",
issn = "1552-5260",
doi = "http://dx.doi.org/10.1016/j.jalz.2008.02.005",
url = "http://www.sciencedirect.com/science/article/pii/S1552526008000332",
key = "tagkey2008110",
keywords = "Alzheimer’s disease",
keywords = "Incidence",
keywords = "Prevalence",
keywords = "Mortality",
keywords = "Lifetime risks",
keywords = "Caregivers",
keywords = "Health care costs",
keywords = "Direct costs",
keywords = "Indirect costs "
}


@inproceedings{Miranda,
 author = {Miranda, Dari{\'e}n and Calder\'{o}n, Marco and Favela, Jesus},
 title = {Anxiety Detection Using Wearable Monitoring},
 booktitle = {Proceedings of the 5th Mexican Conference on Human-Computer Interaction},
 series = {MexIHC '14},
 year = {2014},
 isbn = {978-1-4503-3285-9},
 location = {Oaxaca, Mexico, Mexico},
 pages = {34:34--34:41},
 articleno = {34},
 numpages = {8},
 url = {http://doi.acm.org/10.1145/2676690.2676694},
 doi = {10.1145/2676690.2676694},
 acmid = {2676694},
 publisher = {ACM},
 address = {New York, NY, USA},
 keywords = {Anxiety, Anxiety Detection, Google Glass, Social Anxiety Disorder, Social Phobia, Wearable Monitoring}
}
@article{Sharma20121287,
title = "Objective measures, sensors and computational techniques for stress recognition and classification: A survey ",
journal = "Computer Methods and Programs in Biomedicine ",
volume = "108",
number = "3",
pages = "1287 - 1301",
year = "2012",
note = "",
issn = "0169-2607",
doi = "http://dx.doi.org/10.1016/j.cmpb.2012.07.003",
url = "http://www.sciencedirect.com/science/article/pii/S0169260712001770",
author = "Nandita Sharma and Tom Gedeon",
keywords = "Computational stress model",
keywords = "Pattern recognition",
keywords = "Stress classification",
keywords = "Stress prediction",
keywords = "Stress sensors",
keywords = "Stress computational techniques "
}


@article{Cooper200615,
	title = "Coping strategies and anxiety in caregivers of people with Alzheimer's disease: The LASER-AD study ",
	journal = "Journal of Affective Disorders ",
	volume = "90",
	number = "1",
	pages = "15 - 20",
	year = "2006",
	note = "",
	issn = "0165-0327",
	doi = "http://dx.doi.org/10.1016/j.jad.2005.08.017",
	url = "http://www.sciencedirect.com/science/article/pii/S0165032705003034",
	author = "Claudia Cooper and Cornelius Katona and Martin Orrell and Gill Livingston",
	keywords = "Alzheimer's disease",
	keywords = "Caregiver",
	keywords = "Anxiety",
	keywords = "Coping "
}

@article{Tutar2013P484,
	title = "The relationship between coping strategies and caregiver burden in caregivers of people with Alzheimer's dementia ",
	journal = "Alzheimer's and Dementia ",
	volume = "9",
	number = "4, Supplement",
	pages = "P484 - ",
	year = "2013",
	note = "Alzheimer’s Association International Conference 2013 Alzheimer’s Association International Conference 2013 ",
	issn = "1552-5260",
	doi = "http://dx.doi.org/10.1016/j.jalz.2013.05.988",
	url = "http://www.sciencedirect.com/science/article/pii/S1552526013016452",
	author = "Hasan Tutar and Eylem Cankurtaran and Pinar Tekin and Ali Caykoylu"
}
@article{Li20121,
	title = "Coping strategies and psychological morbidity in family carers of people with dementia: A systematic review and meta-analysis ",
	journal = "Journal of Affective Disorders ",
	volume = "139",
	number = "1",
	pages = "1 - 11",
	year = "2012",
	note = "",
	issn = "0165-0327",
	doi = "http://dx.doi.org/10.1016/j.jad.2011.05.055",
	url = "http://www.sciencedirect.com/science/article/pii/S016503271100317X",
	author = "Ryan Li and Claudia Cooper and Jonathan Bradley and Amanda Shulman and Gill Livingston",
	keywords = "Dementia",
	keywords = "Carers",
	keywords = "Coping",
	keywords = "Systematic review",
	keywords = "Meta-analysis "
}
@inproceedings{Bakker2011,
 author = {Bakker, Jorn and Pechenizkiy, Mykola and Sidorova, Natalia},
 title = {What's Your Current Stress Level? Detection of Stress Patterns from GSR Sensor Data},
 booktitle = {Proceedings of the 2011 IEEE 11th International Conference on Data Mining Workshops},
 series = {ICDMW '11},
 year = {2011},
 isbn = {978-0-7695-4409-0},
 pages = {573--580},
 numpages = {8},
 url = {http://dx.doi.org/10.1109/ICDMW.2011.178},
 doi = {10.1109/ICDMW.2011.178},
 acmid = {2119508},
 publisher = {IEEE Computer Society},
 address = {Washington, DC, USA},
 keywords = {stress detection, sensor data, change detection},
}
@article{Rani2007323,
	title = "Anxiety-based affective communication for implicit human–machine interaction ",
	journal = "Advanced Engineering Informatics ",
	volume = "21",
	number = "3",
	pages = "323 - 334",
	year = "2007",
	note = "Applications Eligible for Data Mining ",
	issn = "1474-0346",
	doi = "http://dx.doi.org/10.1016/j.aei.2006.11.009",
	url = "http://www.sciencedirect.com/science/article/pii/S1474034606000759",
	author = "Pramila Rani and Nilanjan Sarkar and Julie Adams",
	keywords = "Affective computing",
	keywords = "Anxiety detection",
	keywords = "Physiological responses",
	keywords = "Human–machine interaction",
	keywords = "Regression trees",
	keywords = "Fuzzy logic "
}

 
@article{Bystritsky2014489,
	title = "Stress and Anxiety: Counterpart Elements of the Stress/Anxiety Complex ",
	journal = "Psychiatric Clinics of North America ",
	volume = "37",
	number = "4",
	pages = "489 - 518",
	year = "2014",
	note = "Stress in Health and Disease ",
	issn = "0193-953X",
	doi = "http://dx.doi.org/10.1016/j.psc.2014.08.002",
	url = "http://www.sciencedirect.com/science/article/pii/S0193953X14000744",
	author = "Alexander Bystritsky and David Kronemyer",
	keywords = "Stress",
	keywords = "Anxiety",
	keywords = "Nonlinear dynamical psychiatry",
	keywords = "Cognitive behavioral therapy",
	keywords = "Belief revision",
	keywords = "Escape/avoidance",
	keywords = "Exposure/response prevention",
	keywords = "A-B-C model "
}

@book{EcgPractica,
	title = "ECG en la pr\'actica - (5a ed.)",
	author = {John R. Hampton, DM MA DPhil FRCP FFPM FESC},
	year = {2009},
	isbn = {978-84-8086-475-6}
}

@article{julian11,
	An = {PMC3879951},
	Author = {JULIAN, LAURA J},
	Date = {2011/11/},
	Date-Added = {2015-06-22 04:25:03 +0000},
	Date-Modified = {2015-06-22 04:25:03 +0000},
	Db = {PMC},
	Doi = {10.1002/acr.20561},
	Isbn = {2151-464X; 2151-4658},
	J1 = {Arthritis Care Res (Hoboken)},
	Journal = {Arthritis care \& research},
	Month = {11},
	Number = {0 11},
	Pages = {10.1002/acr.20561},
	Title = {Measures of Anxiety},
	Ty = {JOUR},
	U1 = {22588767{$[$}pmid{$]$}},
	Volume = {63},
	Year = {2011},
}
@ARTICLE{Navarro14,
author={Navarro, R.F. and Rodriguez, M.D. and Favela, J.},
journal={Biomedical and Health Informatics, IEEE Journal of},
title={Intervention Tailoring in Augmented Cognition Systems for Elders With Dementia},
year={2014},
month={Jan},
volume={18},
number={1},
pages={361-367},
keywords={ambient intelligence;cognition;diseases;geriatrics;health care;medical computing;ontologies (artificial intelligence);patient care;ambient-assisted intervention system;augmented cognition systems;caregiver;contextual information;dementia;elders;intervention execution;intervention planning;intervention tailoring;ontological model;personalized nonpharmacological interventions;time 2 month;Ambient intelligence;health care;personalization;pervasive computing},
doi={10.1109/JBHI.2013.2267542},
ISSN={2168-2194},
}

@article{prince15,
	Annote = {doi: 10.1016/j.jalz.2012.11.007},
	Author = {Prince, Martin and Bryce, Renata and Albanese, Emiliano and Wimo, Anders and Ribeiro, Wagner and Ferri, Cleusa P.},
	Booktitle = {Alzheimer's \& Dementia: The Journal of the Alzheimer's Association},
	Date-Added = {2015-06-22 14:31:27 +0000},
	Date-Modified = {2015-06-22 14:31:27 +0000},
	Doi = {10.1016/j.jalz.2012.11.007},
	Journal = {Alzheimer's \& Dementia: The Journal of the Alzheimer's Association},
	M3 = {doi: 10.1016/j.jalz.2012.11.007},
	Month = {2015/06/22},
	Number = {1},
	Pages = {63--75.e2},
	Publisher = {Elsevier},
	Title = {The global prevalence of dementia: A systematic review and metaanalysis},
	Ty = {JOUR},
	Volume = {9},
}
@article{sadowsky12,
  title={Guidelines for the management of cognitive and behavioral problems in dementia},
  author={Sadowsky, Carl H and Galvin, James E},
  journal={The Journal of the American Board of Family Medicine},
  volume={25},
  number={3},
  pages={350--366},
  year={2012},
  publisher={Am Board Family Med}
}
@article{ory99,
  title={Prevalence and impact of caregiving: A detailed comparison between dementia and nondementia caregivers},
  author={Ory, Marcia G and Hoffman, Richard R and Yee, Jennifer L and Tennstedt, Sharon and Schulz, Richard},
  journal={The Gerontologist},
  volume={39},
  number={2},
  pages={177--186},
  year={1999},
  publisher={Oxford University Press}
}

BibTeX | EndNote | ACM Ref

@inproceedings{Castro11,
 author = {Castro, Luis A. and Favela, Jesus and Garc\'{\i}a-Pe\~{n}a, Carmen},
 title = {Naturalistic Enactment to Stimulate User Experience for the Evaluation of a Mobile Elderly Care Application},
 booktitle = {Proceedings of the 13th International Conference on Human Computer Interaction with Mobile Devices and Services},
 series = {MobileHCI '11},
 year = {2011},
 isbn = {978-1-4503-0541-9},
 location = {Stockholm, Sweden},
 pages = {371--380},
 numpages = {10},
 doi = {10.1145/2037373.2037430},
 acmid = {2037430},
 publisher = {ACM},
 address = {New York, NY, USA},
 keywords = {ecological validity, evaluation techniques, naturalistic enactment},
} 

@article{sturm13,
  title={Heightened emotional contagion in mild cognitive impairment and Alzheimer's disease is associated with temporal lobe degeneration},
  author={Sturm, Virginia E and Yokoyama, Jennifer S and Seeley, William W and Kramer, Joel H and Miller, Bruce L and Rankin, Katherine P},
  journal={Proceedings of the National Academy of Sciences},
  volume={110},
  number={24},
  pages={9944--9949},
  year={2013},
  publisher={National Acad Sciences}
}

@article{Pearlin01101990,
	author = {Pearlin, Leonard I. and Mullan, Joseph T. and Semple, Shirley J. and Skaff, Marilyn M.}, 
	title = {Caregiving and the Stress Process: An Overview of Concepts and Their Measures},
	volume = {30}, 
	number = {5}, 
	pages = {583-594}, 
	year = {1990}, 
	doi = {10.1093/geront/30.5.583}, 
	abstract ={This paper views caregiver stress as a consequence of a process comprising a number of interrelated conditions, including the socioeconomic characteristics and resources of caregivers and the primary and secondary stressors to which they are exposed. Primary stressors are hardships and problems anchored directly in caregiving. Secondary stressors fall into two categories: the strains experienced in roles and activities outside of caregiving, and intrapsychic strains, involving the diminishment of self-concepts. Coping and social support can potentially intervene at multiple points along the stress process.}, 
	URL = {http://gerontologist.oxfordjournals.org/content/30/5/583.abstract}, 
		eprint = {http://gerontologist.oxfordjournals.org/content/30/5/583.full.pdf+html}, 
		journal = {The Gerontologist} 
}
@article{Sharma20121287,
	title = "Objective measures, sensors and computational techniques for stress recognition and classification: A survey ",
	journal = "Computer Methods and Programs in Biomedicine ",
	volume = "108",
	number = "3",
	pages = "1287 - 1301",
	year = "2012",
	note = "",
	issn = "0169-2607",
	doi = "http://dx.doi.org/10.1016/j.cmpb.2012.07.003",
	url = "http://www.sciencedirect.com/science/article/pii/S0169260712001770",
	author = "Nandita Sharma and Tom Gedeon",
	keywords = "Computational stress model",
	keywords = "Pattern recognition",
	keywords = "Stress classification",
	keywords = "Stress prediction",
	keywords = "Stress sensors",
	keywords = "Stress computational techniques "
}

@article{Katsis2011261,
	title = "An integrated system based on physiological signals for the assessment of affective states in patients with anxiety disorders ",
	journal = "Biomedical Signal Processing and Control ",
	volume = "6",
	number = "3",
	pages = "261 - 268",
	year = "2011",
	note = "\{ITAB\} 2009 ",
	issn = "1746-8094",
	doi = "http://dx.doi.org/10.1016/j.bspc.2010.12.001",
	url = "http://www.sciencedirect.com/science/article/pii/S1746809410000911",
	author = "Christos D. Katsis and Nikolaos S. Katertsidis and Dimitrios I. Fotiadis",
	keywords = "Anxiety disorders",
	keywords = "Biosignal processing",
	keywords = "Wearable devices "
}


