@article{Joling2014,

title = "The Two-Year Incidence of Depression and Anxiety Disorders in Spousal Caregivers of Persons with Dementia: Who is at the Greatest Risk? ",

journal = "The American Journal of Geriatric Psychiatry ",

volume = "",

number = "0",

pages = " - ",

year = "2014",

note = "",

issn = "1064-7481",

doi = "http://dx.doi.org/10.1016/j.jagp.2014.05.005",

url = "http://www.sciencedirect.com/science/article/pii/S1064748114001468",

author = "Karlijn J. Joling and Harm W.J. van Marwijk and Aaltje E. Veldhuijzen and HenriÃ«tte E. van der Horst and Philip Scheltens and Filip Smit and Hein P.J. van Hout",

keywords = "Depression",

keywords = "anxiety",

keywords = "incidence",

keywords = "predictors",

keywords = "dementia",

keywords = "caregivers",

keywords = "prevention "

}


