@article{Adleman1998,
  title={Computing with {DNA}},
  author={Adleman, Leonard M},
  journal={Scientific american},
  volume={279},
  number={8},
  pages={34--41},
  year={1998}
}

@article{Lakin2012,
  title={Abstractions for {DNA} circuit design},
  author={Lakin, Matthew R and Youssef, Simon and Cardelli, Luca and Phillips, Andrew},
  journal={Journal of The Royal Society Interface},
  volume={9},
  number={68},
  pages={470--486},
  year={2012},
  publisher={The Royal Society}
}

